@book{doktorat,
	author  = "Caitlin Malone",
	title   = "A search for non-standard model Higgs bosons produced in association with b-quarks at the ATLAS experiment",
	year    = "2015"
}